1990 3384
1887 82 1910 117 9

209 185 405 240 Singulae
446 191 583 223 autem
625 183 787 223 classes
833 181 872 221 in
921 180 1057 221 series
1097 181 1232 220 denuo
1280 178 1520 219 dividuntur
1569 177 1911 218 distinctissimas

85 250 343 301 animalium,
373 249 424 289 ab
452 246 640 287 inferiori
671 245 924 287 evolutionis
966 245 1101 301 gradu
1140 245 1191 285 ad
1236 243 1372 299 magis
1417 244 1648 296 perfectum
1681 243 1913 282 ascenden-

84 313 210 365 tium,
243 327 345 367 quas
374 321 513 353 tamen
543 312 582 352 in
614 318 843 366 systemate
882 324 961 350 non
1006 323 1133 362 super
1173 310 1248 349 sed
1291 309 1415 362 juxta
1455 307 1614 361 positas
1654 306 1914 348 considerari

85 379 237 419 debere
268 377 601 432 perpendendum
630 384 707 419 est.

210 441 429 495 Ejusmodi
468 442 687 495 parallelas
737 440 870 481 series
918 439 1023 479 inter
1069 437 1258 478 animalia
1309 438 1574 478 evertebrata
1623 436 1787 477 nonnisi
1825 444 1914 476 tres

86 507 404 563 distinguim11S‚
436 520 458 546 e
489 507 753 560 praevalente
785 511 1059 558 systematum
1101 502 1429 542 anatomicorum
1470 501 1807 557 vegetativorum
1837 501 1916 549 (di-

85 573 305 629 gestionis,
337 571 618 612 cii-culationis
649 579 687 611 et
719 568 1030 623 respirationis)
1062 566 1301 607 evolutione
1333 567 1650 618 discernendas,
1682 567 1777 607 dum
1809 565 1917 606 inter

86 638 326 679 vertebrata
356 637 587 690 quinarium
619 634 795 690 emergit
829 633 1067 683 discrimen,
1099 646 1121 671 e
1146 630 1281 687 magis
1299 632 1687 685 minusvepert'ecto
1717 645 1916 672 sensuum

87 711 258 753 (tactus,
289 711 463 759 gustus,
496 703 694 752 ollactus,
725 699 890 741 auditus
910 707 951 739 et
975 696 1112 744 visus>
1148 704 1347 748 apparatu
1383 696 1575 736 facillime
1608 695 1915 737 stabiliendum.

211 767 414 808 Ternaria
444 768 539 808 inde
570 766 773 807 serlerum
802 764 842 804 in
869 772 957 804 tres
978 762 1148 803 ordines
1177 759 1325 801 divisio
1354 769 1536 814 systema
1559 771 1746 801 nostrum
1779 761 1917 801 absol-

87 833 169 882 vit,
207 846 229 873 e
249 831 399 886 quibus
426 832 584 886 primus
614 830 803 881 infimas,
832 828 983 870 tertius
1020 824 1376 880 perfectissimas,
1405 825 1612 866 secundus
1644 825 1917 866 intermedias

87 899 194 939 inter
233 896 397 938 infimas
436 905 475 937 et
514 895 842 951 perfectissimas
882 894 1039 934 formas
1083 891 1397 944 complectitur,
1441 889 1550 931 sicut
1595 891 1764 932 schema
1807 890 1915 945 quod

88 963 290 1017 sequitur,
322 961 502 1004 exhibet.

668 1315 918 1356 ordines
949 1315 1333 1356 αηὺηαῑὶιιηι.

493 1428 1524 1500 Evertebrata.

620 1689 676 1734 1.
716 1685 974 1732 Classis.
1014 1683 1385 1730 Infusoria.

270 1806 299 1843 Ι.
332 1804 489 1841 Series.
888 1803 936 1837 ll.
970 1801 1125 1836 Series.
1493 1798 1560 1836 ΙΙΙ.
1595 1797 1748 1834 Series.

92 1862 253 1892 Evolutio
284 1863 491 1901 praevalens
705 1858 865 1889 Evolutio
894 1857 1100 1896 praevalens
1366 1855 1526 1885 Evolntio
1554 1855 1760 1892 praevalens

137 1910 332 1946 systematis
354 1907 567 1949 digestionis.
751 1907 946 1943 systematis
974 1904 1216 1934 circulationis.
1409 1903 1605 1939 systematis
1635 1901 1880 1939 respirationis„

277 1978 505 2027 Agastrica.
864 1974 1157 2022 Polygastrica.
1482 1970 1739 2006 Enterodela.

324 2033 354 2065 1.
383 2036 481 2064 Ordo.
931 2030 960 2061 1.
985 2033 1085 2060 Ordo.
1540 2026 1568 2058 1.
1593 2028 1692 2058 Ordo.

305 2080 486 2120 Copulata.
928 2077 1104 2115 Gytnnica.
1496 2076 1742 2105 Enantiotoeta.

275 2124 531 2167 (Echineltea.)
1451 2121 1709 2163 (Enantiotreta
1736 2125 1769 2151 et

1532 2166 1733 2205 Allotreta.)

315 2233 349 2264 2.
379 2235 479 2264 Ordo.
920 2229 953 2260 2.
981 2231 1082 2261 Ordo.
1536 2226 1569 2257 2.
1596 2228 1697 2257 Orda

313 2282 501 2311 Diatomea.
904 2279 1095 2317 Epitricha.
1523 2274 1710 2306 Catotreta.

233 2327 488 2365 (Desinidiacea
513 2333 547 2358 et

281 2375 544 2412 Naviculaeea.)

319 2434 354 2463 3.
381 2435 480 2465 ordo.
924 2431 959 2461 3.
985 2432 1084 2461 Ordo.
1535 2427 1570 2457 3.
1597 2427 1696 2457 Ordo.

293 2480 506 2511 Vibrionina.
922 2479 1094 2508 Atloeota.
1512 2473 1730 2514 Anopistliia.

728 2524 930 2556 (Astasiaea
951 2530 984 2555 et
1000 2520 1272 2562 Pseudopodia.)

636 2662 726 2706 11.
762 2660 1019 2708 Classis.
1057 2660 1410 2716 zoophyta.

299 2775 497 2821 Bryozoa.
843 2772 1178 2820 Phytocorallina.
1472 2768 1768 2806 Zoocorallina.

329 2830 356 2861 1.
377 2833 476 2861 Ordo.
930 2827 958 2859 l.
985 2829 1086 2859 ordo.
1539 2823 1568 2855 1.
1592 2826 1692 2856 Ordo.

281 2879 528 2917 Operculisera.
901 2877 1116 2914 Atloporina.
1520 2871 1734 2911 Otigactinia.

329 2936 360 2967 2.
386 2938 484 2967 Ordo.
927 2934 961 2965 2.
988 2936 1087 2965 Ordo.
1538 2929 1571 2961 2.
1599 2931 1700 2960 Ordo.

273 2985 543 3020 Halcyonellina.
906 2981 1118 3012 vorticisera.
1526 2977 1728 3007 Octactinia.

102 3027 315 3064 (Cellariaea
335 3036 367 3060 et
387 3027 675 3067 Halcyonellina.)
1358 3024 1563 3065 (Octactinia
1585 3029 1619 3054 et
1637 3018 1878 3061 Ainphibola·)

319 3089 353 3118 3.
382 3090 481 3119 Ordo.
926 3086 962 3116 3.
995 3088 1094 3117 Ordo.
1537 3083 1572 3112 3.
1602 3084 1702 3113 Ordo.

286 3137 523 3175 Scleropodia.
893 3135 1123 3165 Lameltifera.
1461 3130 1758 3168 Zoopolyactinia.
