1990 3384
534 645 1438 715 Introductlo.

79 937 262 1009 Nullus
286 970 394 1011 inter
424 980 594 1012 naturae
618 979 877 1012 scrutatores
909 970 1029 1012 hodie
1052 970 1329 1021 inficiabitur,
1361 985 1540 1026 corpora
1570 972 1772 1013 naturalia
1796 973 1917 1024 juxta

79 1043 216 1076 certas
253 1037 453 1089 quasdam
477 1037 596 1092 leges
628 1036 683 1078 ita
710 1050 806 1077 esse
837 1036 1013 1077 formata
1031 1067 1042 1088 ,
1074 1044 1117 1077 ut
1149 1036 1286 1076 omnis
1315 1035 1479 1076 illorum
1503 1036 1727 1090 dispositio
1752 1036 1917 1077 nonnisi

81 1113 135 1140 ex
159 1102 381 1141 earundem
408 1102 528 1142 etiam
551 1104 689 1158 legum
716 1115 886 1152 norma,
918 1110 1122 1156 quatenus
1149 1101 1190 1142 in
1213 1101 1477 1158 singulorum
1501 1103 1742 1143 evolutione
1773 1110 1814 1143 et
1835 1102 1917 1143 for-

80 1178 145 1204 ma
177 1164 223 1206 fit
246 1166 484 1219 manifesta,
517 1167 667 1208 merito
699 1166 835 1222 possit
864 1166 1026 1208 tentari.

204 1233 292 1272 Nec
320 1232 455 1272 minus
489 1241 626 1274 tamen
665 1240 843 1283 constat,
871 1233 1092 1286 generales
1122 1231 1214 1273 illas
1249 1240 1293 1272 ut
1336 1231 1391 1273 ita
1423 1232 1555 1274 dicam
1587 1234 1780 1289 regulas,
1813 1246 1917 1286 quae

80 1310 303 1350 corporum
327 1297 622 1354 organicorum
648 1297 886 1339 formationi
906 1305 1131 1351 praesunt,
1163 1297 1328 1337 nonnisi
1358 1298 1398 1338 in
1436 1297 1645 1352 primariis
1676 1297 1917 1352 dispositio-

79 1360 143 1401 nis
171 1362 381 1415 partibus,
413 1377 516 1417 quas
541 1363 804 1417 provincias,
834 1362 1038 1415 circulos,
1071 1363 1232 1403 classes
1263 1371 1303 1404 et
1323 1363 1492 1405 ordines
1515 1376 1742 1413 vocamus,
1765 1364 1917 1403 debere

79 1425 120 1466 in
148 1441 317 1468 censum
349 1428 517 1483 vocari,
551 1429 647 1469 dum
672 1429 710 1469 in
737 1428 925 1483 reliquo,
957 1427 1029 1468 ubi
1062 1442 1136 1481 per
1167 1427 1399 1480 sectiones,
1433 1428 1567 1468 tribus
1601 1436 1643 1469 et
1674 1442 1831 1480 genera
1863 1429 1913 1469 ad

79 1492 290 1533 individua
327 1493 597 1547 systematica
636 1508 712 1534 seu
742 1492 925 1547 speciem
965 1492 1254 1546 procedimus,
1292 1493 1349 1534 ita
1381 1493 1639 1535 innumeram
1671 1493 1748 1533 sub
1771 1494 1915 1534 eadem

79 1571 224 1598 norma
261 1566 406 1599 natura
435 1559 610 1613 exsequi
644 1567 817 1599 conetur
858 1557 1131 1610 varietatem,
1173 1566 1217 1599 ut
1248 1557 1342 1599 vani
1382 1558 1463 1599 sint
1492 1567 1532 1600 et
1562 1558 1669 1599 irriti
1699 1566 1916 1610 connatus,

80 1622 116 1662 si
137 1623 281 1664 eaden]
300 1624 474 1676 trutina,
507 1638 585 1679 qua
618 1623 803 1664 universi
830 1621 1010 1664 aedilicii
1038 1623 1197 1664 emensi
1229 1638 1375 1664 sumus
1406 1623 1685 1675 fundamenta,
1716 1623 1756 1663 in
1779 1624 1919 1677 dispo-

82 1687 229 1729 nendis
256 1689 433 1745 singulis
461 1690 582 1731 etiam
612 1689 802 1743 partibus
826 1696 1016 1741 utamur,
1049 1687 1090 1728 id
1122 1690 1232 1743 quod
1256 1689 1464 1729 luculento
1489 1689 1682 1742 exemplo
1705 1697 1743 1729 et
1762 1688 1913 1729 Okenii

79 1761 119 1792 et
149 1754 294 1807 Kaupii
326 1755 608 1808 probaverunt
644 1753 882 1795 tentamina.
914 1752 1160 1794 Primariam
1191 1762 1329 1794 autem
1361 1768 1587 1808 corporum
1617 1754 1912 1809 organicorum

79 1819 430 1872 disponendorum
456 1834 644 1860 normam
681 1819 720 1860 in
753 1818 986 1859 rationibus
1013 1818 1258 1859 anatomicis
1280 1828 1320 1860 et
1346 1818 1650 1875 physiologicis
1674 1832 1770 1858 esse
1789 1833 1915 1873 quae-

79 1884 274 1937 rendam,
305 1898 380 1926 nec
412 1885 452 1926 in
474 1885 653 1939 singulis
680 1885 925 1939 quibusdam
951 1884 1124 1939 organis
1145 1883 1290 1934 sitam,
1311 1884 1544 1925 communis
1571 1884 1909 1924 doctissimorum

79 1948 266 1989 virorum
293 1952 498 1992 sententia
531 1959 621 2002 est,
653 1958 693 1992 et
724 1948 889 1990 nonnisi
922 1963 977 1990 ex
997 1948 1078 1989 illis
1109 1957 1343 2003 systemata
1376 1964 1480 2004 quae
1511 1958 1660 1991 vocant
1691 1950 1908 1998 naturalia,

83 2021 124 2054 et
150 2027 174 2055 a
202 2016 414 2057 Botanicis
441 2026 480 2058 et
503 2031 525 2057 a
552 2015 757 2072 Zoologis
788 2014 914 2055 hodie
944 2015 1216 2056 deducuntur.

202 2083 280 2121 Ast
302 2095 423 2122 omne
453 2081 719 2123 animantium
748 2094 941 2136 regnum,
964 2079 1001 2120 si
1034 2080 1218 2120 rationes
1247 2081 1503 2121 anatomicas
1529 2088 1611 2120 tam
1638 2081 1749 2121 vitae
1780 2094 1908 2136 vege-

78 2144 234 2187 tativae
260 2160 379 2200 quam
408 2147 597 2188 animalis
618 2146 879 2194 considereS,
912 2144 1100 2185 bifariam
1124 2145 1335 2197 dividitur,
1354 2146 1395 2186 in
1415 2146 1603 2186 animalia
1633 2147 1910 2193 evertehrata,

80 2219 120 2250 et
141 2209 181 2250 in
201 2211 394 2252 animalia
426 2214 691 2262 vertebram,
739 2225 842 2265 qnae
874 2210 964 2264 ipsa
992 2218 1140 2250 natura
1170 2211 1401 2251 luculenter
1434 2210 1707 2267 segregavit,
1742 2213 1796 2252 ita
1825 2212 1912 2265 qui-

80 2276 198 2329 dem,
229 2285 275 2317 ut
298 2277 338 2317 in
368 2277 450 2316 illis
474 2277 585 2318 vitae
614 2277 900 2333 vegetativae,
926 2289 1073 2329 nempe
1103 2275 1377 2330 digestioniS‚
1411 2276 1693 2317 circulationis
1715 2285 1756 2317 et
1780 2278 1912 2331 respi-

79 2341 251 2382 rationis
268 2372 278 2392 ,
301 2342 339 2381 ἰι]
367 2342 430 2382 his
455 2343 665 2393 animalis,
696 2343 735 2382 id
767 2350 832 2382 est
858 2340 1042 2392 ossium,
1073 2342 1374 2394 musculorum,
1403 2355 1628 2382 nervorum
1652 2349 1694 2382 et
1712 2355 1910 2382 sensuum

79 2414 306 2460 systemata
328 2407 561 2447 anatomica
579 2440 590 2457 ‚
616 2406 820 2460 imprimis
844 2405 926 2446 sint
956 2407 1135 2447 evoluta.

203 2473 284 2513 Sed
307 2480 480 2526 utraque
506 2472 741 2512 animalium
765 2471 980 2524 provincia
1008 2485 1030 2512 e
1062 2471 1318 2525 quadruplici
1342 2480 1616 2526 systematum
1651 2472 1909 2527 physiologi-

79 2551 245 2589 corum,
266 2537 529 2589 nutritionis,
554 2536 854 2591 generatiijmis,
876 2536 1163 2577 sensibilitatis
1192 2545 1232 2577 et
1252 2545 1389 2577 motus
1414 2537 1654 2579 evolutione
1676 2537 1716 2578 in
1734 2546 1912 2591 quatuor

79 2616 205 2655 porro
233 2602 416 2643 circulos
448 2603 579 2644 divisa
610 2612 695 2655 est,
729 2616 835 2656 quos
872 2601 911 2641 in
939 2601 1071 2655 prima
1104 2601 1316 2655 provincia
1350 2616 1442 2642 cum
1473 2602 1635 2643 Okenio
1660 2605 1909 2654 Gastrozoa‚

79 2667 338 2721 Pliysiozoa,
364 2672 644 2709 Dermatozoa
670 2676 707 2709 et
733 2667 982 2720 Arthrozoa‚
1002 2668 1041 2707 in
1061 2668 1244 2707 secunda
1260 2674 1461 2708 consueto
1490 2682 1568 2708 usu
1582 2667 1743 2720 Pisces,
1765 2666 1909 2721 Rapti-

79 2733 155 2785 lia,
174 2735 287 2773 Aves
310 2742 348 2774 et
370 2735 608 2774 Mammalia
628 2733 904 2774 nominamus.

231 2800 300 2839 Ex
329 2799 392 2839 his
431 2808 608 2854 quatuor
626 2798 814 2852 priores,
848 2797 996 2852 quibus
1023 2796 1260 2838 animalium
1295 2797 1653 2839 evertebratorum
1690 2796 1908 2852 provincia

81 2863 466 2916 absolvitur‚juxta
492 2865 600 2904 vitae
624 2862 887 2919 vegetativae
910 2871 1137 2915 systemata
1157 2862 1390 2902 anatomica
1413 2863 1705 2920 (digestionis,
1731 2862 1906 2903 circula-

80 2927 207 2967 tionis
232 2937 271 2969 et
296 2929 609 2982 respirationis)
637 2929 675 2968 in
700 2937 786 2969 tres
814 2927 963 2968 iterum
985 2928 1134 2968 abeunt
1162 2928 1411 2979 divisiones,
1442 2941 1547 2982 quae
1580 2942 1672 2967 cum
1697 2926 1905 2981 primariis

84 2992 168 3033 illis
199 2993 434 3034 animalium
467 2995 803 3035 vertebratorum
839 2992 1115 3048 sectionibus,
1161 2992 1343 3033 universi
1381 2992 1499 3048 regni
1527 2992 1715 3033 animalis
1747 2993 1907 3034 classes

83 3062 293 3101 naturales
308 3092 319 3112 ,
349 3072 450 3113 quas
473 3059 661 3114 sequenti
680 3057 928 3100 exhibemus
952 3057 1179 3111 schemate,
1200 3059 1458 3100 constituere
1481 3056 1580 3098 mihi
1600 3055 1803 3101 videntur.
